%% LaTeX2e file `shortbib.bib'
%% generated by the `filecontents' environment
%% from source `Final_exam' on 2023/01/31.
%%
@article{elmachtoub2022smart,
  title={Smart “predict, then optimize”},
  author={Elmachtoub, Adam N and Grigas, Paul},
  journal={Management Science},
  volume={68},
  number={1},
  pages={9--26},
  year={2022},
  publisher={INFORMS}
}
@article{bu2022context,
  title={Context-Based Dynamic Pricing with Partially Linear Demand Model},
  author={Bu, Jinzhi and Simchi-Levi, David and Wang, Chonghuan},
  journal={Advances in Neural Information Processing Systems},
  volume={35},
  pages={23780--23791},
  year={2022}
}
@article{salinger2011simple,
  title={Simple economics of the price-setting newsvendor problem},
  author={Salinger, Michael and Ampudia, Miguel},
  journal={Management Science},
  volume={57},
  number={11},
  pages={1996--1998},
  year={2011},
  publisher={INFORMS}
}
@article{kazaz2015price,
  title={Price-setting newsvendor problems with uncertain supply and risk aversion},
  author={Kazaz, Burak and Webster, Scott},
  journal={Operations Research},
  volume={63},
  number={4},
  pages={807--811},
  year={2015},
  publisher={INFORMS}
}
@article{wang2015optimal,
  title={Optimal ordering policy for a price-setting newsvendor with option contracts under demand uncertainty},
  author={Wang, Chong and Chen, Xu},
  journal={International Journal of Production Research},
  volume={53},
  number={20},
  pages={6279--6293},
  year={2015},
  publisher={Taylor \& Francis}
}
@article{biswas2018price,
  title={The price-setting limited clearance sale inventory model},
  author={Biswas, Indranil and Avittathur, Balram},
  journal={Annals of Operations Research},
  pages={1--17},
  year={2018},
  publisher={Springer}
}
@article{bertsimas2020predictive,
  title={From predictive to prescriptive analytics},
  author={Bertsimas, Dimitris and Kallus, Nathan},
  journal={Management Science},
  volume={66},
  number={3},
  pages={1025--1044},
  year={2020},
  publisher={INFORMS}
}
@article{brockman2016openai,
  title={Openai gym},
  author={Brockman, Greg and Cheung, Vicki and Pettersson, Ludwig and Schneider, Jonas and Schulman, John and Tang, Jie and Zaremba, Wojciech},
  journal={arXiv preprint arXiv:1606.01540},
  year={2016}
}
@book{butler2007saddlepoint,
  title={Saddlepoint approximations with applications},
  author={Butler, Ronald W},
  volume={22},
  year={2007},
  publisher={Cambridge University Press}
}
@article{tramer2017ensemble,
  title={Ensemble adversarial training: Attacks and defenses},
  author={Tram{\`e}r, Florian and Kurakin, Alexey and Papernot, Nicolas and Goodfellow, Ian and Boneh, Dan and McDaniel, Patrick},
  journal={arXiv preprint arXiv:1705.07204},
  year={2017}
}
@inproceedings{carlini2017towards,
  title={Towards evaluating the robustness of neural networks},
  author={Carlini, Nicholas and Wagner, David},
  booktitle={2017 ieee symposium on security and privacy (sp)},
  pages={39--57},
  year={2017},
  organization={Ieee}
}
@inproceedings{papernot2016limitations,
  title={The limitations of deep learning in adversarial settings},
  author={Papernot, Nicolas and McDaniel, Patrick and Jha, Somesh and Fredrikson, Matt and Celik, Z Berkay and Swami, Ananthram},
  booktitle={2016 IEEE European symposium on security and privacy (EuroS\&P)},
  pages={372--387},
  year={2016},
  organization={IEEE}
}
@article{szepesvari1999unified,
  title={A unified analysis of value-function-based reinforcement-learning algorithms},
  author={Szepesv{\'a}ri, Csaba and Littman, Michael L},
  journal={Neural computation},
  volume={11},
  number={8},
  pages={2017--2060},
  year={1999},
  publisher={MIT Press One Rogers Street, Cambridge, MA 02142-1209, USA journals-info~…}
}
@misc{Entr,
    title = {Entropic Regularization for Adversarial Robust Learning (Full Version)},
    author = {Wang, Jie and Lin, Yifan and Wei, Song and Xie, Yao},
    year = {2023},
    url = {https://www.dropbox.com/work}
}
@article{shapiro2017distributionally,
  title={Distributionally robust stochastic programming},
  author={Shapiro, Alexander},
  journal={SIAM Journal on Optimization},
  volume={27},
  number={4},
  pages={2258--2275},
  year={2017},
  publisher={SIAM}
}
@inproceedings{Yifan20,
 author = {Hu, Yifan and Zhang, Siqi and Chen, Xin and He, Niao},
 booktitle = {Advances in Neural Information Processing Systems},
 pages = {2759--2770},
 title = {Biased Stochastic First-Order Methods for Conditional Stochastic Optimization and Applications in Meta Learning},
 volume = {33},
 year = {2020},
 month = dec
}
@article{hu2020sample,
  title={Sample complexity of sample average approximation for conditional stochastic optimization},
  author={Hu, Yifan and Chen, Xin and He, Niao},
  journal={SIAM Journal on Optimization},
  volume={30},
  number={3},
  pages={2103--2133},
  year={2020},
  month = aug
}

@article{madry2017towards,
  title={Towards deep learning models resistant to adversarial attacks},
  author={Madry, Aleksander and Makelov, Aleksandar and Schmidt, Ludwig and Tsipras, Dimitris and Vladu, Adrian},
  journal={arXiv preprint arXiv:1706.06083},
  year={2017}
}

@article{goodfellow2014explaining,
  title={Explaining and harnessing adversarial examples},
  author={Goodfellow, Ian J and Shlens, Jonathon and Szegedy, Christian},
  journal={arXiv preprint arXiv:1412.6572},
  year={2014}
}
@misc{
regniez2022a,
title={A Distributional Robustness Perspective on Adversarial Training with the \${\textbackslash}infty\$-Wasserstein Distance},
author={Chiara Regniez and Gauthier Gidel and Hugo berard},
year={2022},
url={https://openreview.net/forum?id=z7DAilcTx7}
}


@article{wang2022reliable,
  title={Reliable off-policy evaluation for reinforcement learning},
  author={Wang, Jie and Gao, Rui and Zha, Hongyuan},
  journal={Operations Research},
  year={2022},
  publisher={INFORMS}
}


@InProceedings{si2020distributional,
      title={Distributional Robust Batch Contextual Bandits}, 
      author={Nian Si and Fan Zhang and Zhengyuan Zhou and Jose Blanchet},
      year={2020},
      booktitle = 	 {International Conference on Machine Learning},
      month=jul,
      volume = 	 {119},
      pages = 	 {8884--8894}
}

@electronic{jiewang2016,
author = {Jie Wang},
title = {MAT2040: Linear Algebra},
year = {2016},
note={Available at the link \texttt{walterbabyrudin.github.io}},
}
@electronic{yinzhang2015,
author = {Wotao Yin},
title = {Math 164: Optimization},
subtitle = {Barzilai-Borwein Method},
year = {2015},
note={Available at \texttt{caam.rice.edu/\textasciitilde yzhang/caam565/L1\_reg/BB-step.pdf}},
}
@book{magnus1999matrix,
  title={Matrix Differential Calculus with Applications in Statistics and Econometrics},
  author={Magnus, J.R. and Neudecker, H.},
  isbn={9780471986331},
  lccn={98053556},
  series={PROBABILISTICS AND STATISTICS},
  url={https://books.google.com.hk/books?id=0CXXdKKiIpQC},
  year={1999},
  publisher={Wiley}
}
@electronic{jiewang2019,
author = {Jie Wang},
title = {MAT2006: Elementary Analysis},
year = {2019},
note={Available at the link \texttt{walterbabyrudin.github.io}},
}


@article{kurakin2016adversarial,
  title={Adversarial machine learning at scale},
  author={Kurakin, Alexey and Goodfellow, Ian and Bengio, Samy},
  journal={arXiv preprint arXiv:1611.01236},
  year={2017},
  month=feb
}

@inproceedings{nguyen2015deep,
  title={Deep neural networks are easily fooled: High confidence predictions for unrecognizable images},
  author={Nguyen, Anh and Yosinski, Jason and Clune, Jeff},
  booktitle={Proceedings of the IEEE conference on computer vision and pattern recognition},
  pages={427--436},
  year={2015},
  month=jul
}

@inproceedings{moosavi2016deepfool,
  title={Deepfool: a simple and accurate method to fool deep neural networks},
  author={Moosavi-Dezfooli, Seyed-Mohsen and Fawzi, Alhussein and Frossard, Pascal},
  booktitle={Proceedings of the IEEE conference on computer vision and pattern recognition},
  pages={2574--2582},
  year={2016},
  month=jul
}

@article{sinha2017certifying,
  title={Certifying some distributional robustness with principled adversarial training},
  author={Sinha, Aman and Namkoong, Hongseok and Volpi, Riccardo and Duchi, John},
  journal={arXiv preprint arXiv:1710.10571},
  year={2020},
  month=may
}

@article{wang2021sinkhorn,
  title={Sinkhorn distributionally robust optimization},
  author={Wang, Jie and Gao, Rui and Xie, Yao},
  journal={arXiv preprint arXiv:2109.11926},
  year={2023},
  month=jun
}

@article{gao2022wasserstein,
  title={Wasserstein distributionally robust optimization and variation regularization},
  author={Gao, Rui and Chen, Xi and Kleywegt, Anton J},
  journal={Operations Research},
  year={2022},
  publisher={INFORMS},
  month=nov
}

@inproceedings{
hu2021biasvar,
title={On the Bias-Variance-Cost Tradeoff of Stochastic Optimization},
author={Yifan Hu and Xin Chen and Niao He},
booktitle={Advances in Neural Information Processing Systems},
year={2021},
month=dec
}

@inproceedings{nilim2003robustness,
 author = {Nilim, Arnab and Ghaoui, Laurent},
 booktitle = {Proceedings of the 16th International Conference on Neural Information Processing Systems},
 editor = {S. Thrun and L. Saul and B. Sch\"{o}lkopf},
 title = {Robustness in Markov Decision Problems with Uncertain Transition Matrices},
 year = {2004}
}

@article{iyengar2005robust,
  title={Robust dynamic programming},
  author={Iyengar, Garud N},
  journal={Mathematics of Operations Research},
  volume={30},
  number={2},
  pages={257--280},
  year={2005}
}

@article{wiesemann2013robust,
  title={Robust Markov decision processes},
  author={Wiesemann, Wolfram and Kuhn, Daniel and Rustem, Ber{\c{c}}},
  journal={Mathematics of Operations Research},
  volume={38},
  number={1},
  pages={153--183},
  year={2013}
}